////////////////////////////////////////////////////////////////////////////////
///////// Environment
////////////////////////////////////////////////////////////////////////////////



// Dream paper : river generation
@inproceedings{GGGPB2012,
TITLE = {Génération procédurale de rivières et de terrains},
AUTHOR = {Géneveaux, Jean-David and Galin, Éric and Guérin, Éric and Peytavie, Adrien and Benes, Bedrich},
BOOKTITLE = {Journées de l’Association Française d’Informatique Graphique},
ORGANISATION = {AFIG / EG-France},
YEAR = 2012,
PDF = {http://paris.siggraph.org/activites/2012-13/recherche-les-meilleurs-papiers-de-l-afig/AFIG-GenerationProceduraleRivieresTerrains.pdf}
}

// Map generation - naive approach
@misc{RBG,
TITLE = {Polygonal Map Generation for Games},
AUTHOR = {Red Blob Games},
URL = {http://www-cs-students.stanford.edu/~amitp/game-programming/polygon-map-generation/}
}






////////////////////////////////////////////////////////////////////////////////
///////// Boids
////////////////////////////////////////////////////////////////////////////////

// Some examples of boids mouvement
@misc{TUTSPLUSBOIDS,
TITLE = {Understanding Steering Behaviors},
URL = {http://gamedevelopment.tutsplus.com/series/understanding-steering-behaviors--gamedev-12732},
AUTHOR = {Bevilacqua, Fernando}
}

// Reference on the boids : nature of code
@inbook{NOC6,
AUTHOR = {Daniel Shiffman},
URL = {http://natureofcode.com/book/chapter-6-autonomous-agents/},
TITLE = {The Nature of Code},
CHAPTER = {6}
}




// State automaton to control boids behavior
@misc{TUTSPLUSAUTOMATON,
TITLE = {Finite-State Machines},
URL = {http://gamedevelopment.tutsplus.com/tutorials/finite-state-machines-squad-pattern-using-steering-behaviors--gamedev-13638},
AUTHOR = {Bevilacqua, Fernando}
}





////////////////////////////////////////////////////////////////////////////////
///////// OpenGL
////////////////////////////////////////////////////////////////////////////////

////////////////////////////////////////
///// Tesselation
////////////////////////////////////////


// Thesis on tesselation with a height map while handling levels of details
// Way clearer than the following papers (state of the art + more details)
@masterthesis{J12,
TITLE = {Tessellation based Terrain Rendering},
AUTHOR = {Jakobsen, Andreas Kvalsvik},
PDF = {http://www.diva-portal.org/smash/get/diva2:566135/FULLTEXT01.pdf},
YEAR = {2012},
MONTH = Jun,
SCHOOL = {Norwegian University of Science and Technology, Department of Computer and Information Science}
}


// Paper on the same topic (tesselation height map, levels of details)
@INPROCEEDINGS{KB2014,
author={G. Kim and N. Baek},
booktitle={IT Convergence and Security (ICITCS), 2014 International Conference on},
title={A Height-Map Based Terrain Rendering with Tessellation Hardware},
year={2014},
pages={1-4},
keywords={geographic information systems;rendering (computer graphics);terrain mapping;3D terrain rendering;CPU;DirectX 11;GPU-based level-of- detail factor management schemes;OpenGL 4.0;generic level-of-detail terrain rendering;hardware tessellation techniques;height-map based terrain rendering;level-of-detail objects;nonuniform patches;terrain flatness factors;tessellation shader programs;Computer science;Educational institutions;Engines;Hardware;Image resolution;Rendering (computer graphics)},
doi={10.1109/ICITCS.2014.7021710},
month={Oct},}


////////////////////////////////////////////////////////////////////////////////
///////// Miscellaneous
////////////////////////////////////////////////////////////////////////////////

// Quick tutorial with a example of a skinning animation
@misc{VOXELSSKINNING,
TITLE = {Skinned Skeletal Animation Tutorial},
URL = {http://voxels.blogspot.fr/2014/03/skinned-skeletal-animation-tutorial.html}
}

// LibNoise - not used
@misc{LIBNOISE,
TITLE = {LibNoise library},
URL = {http://libnoise.sourceforge.net/}
}

// Cgal - not used
@misc{CGAL,
TITLE = {CGAL library},
URL = {http://www.cgal.org/}
}

// Voro ++ - used
@misc{VOROPP,
TITLE = {Voro++ library},
URL = {http://math.lbl.gov/voro++/}
}

// Missing : bitmap library